4537 6157
1279 924 1381 997 Et
1414 924 1713 1020 quidem,
1770 922 1953 1020 quod
1987 922 2188 993 nohis
2224 923 2487 1019 placuit
2537 922 2608 993 in
2662 932 2808 994 not.
2864 927 2889 993 i
2944 923 3029 993 ad
3084 922 3153 995 h.
3212 950 3277 997 c.
3339 936 3412 998 et
3458 927 3848 1023 oppositum
3901 948 4062 1000 esse

1283 1042 1452 1114 dicit
1496 1041 1732 1114 Vesm.
1780 1042 2099 1137 sequenti
2145 1043 2274 1115 Sin
2319 1050 2578 1114 autem.
2638 1084 2723 1094 —
2786 1043 2898 1113 sin
2954 1053 3154 1115 erunt
3206 1052 3514 1140 uterque.
3561 1084 3664 1097 —-
3715 1040 4057 1117 Gratiano

1283 1159 1349 1232 V
1405 1171 1476 1233 et
1533 1160 1680 1234 Th.
1742 1167 1775 1230 l
1831 1163 1983 1233 ΑΑ.
2051 1142 2332 1248 conss.‚
2415 1169 2486 1231 ut
2550 1161 2734 1232 solet
2778 1157 3021 1233 Veem.
3078 1162 3381 1235 scribere
3438 1162 3788 1234 consules.
3892 1159 4059 1233 viu.

1283 1304 1472 1376 supr.
1525 1303 1591 1350 c.
1658 1285 1726 1348 l.
1777 1280 1863 1350 de
1914 1276 2249 1349 Contrah.
2308 1288 2517 1373 empt.
2578 1280 2691 1369 (3,
2749 1282 2827 1373 l)
2885 1290 2954 1351 et
3002 1303 3064 1350 c.
3130 1287 3194 1351 l.
3251 1278 3337 1352 Si
3379 1282 3779 1378 provinciae
3829 1288 4062 1354 rector

1282 1398 1392 1489 (3,
1429 1400 1547 1488 6).
1578 1437 1682 1450 —
1712 1397 2011 1494 Interpr.
2069 1419 2128 1466 c.
2192 1404 2256 1466 l.
2309 1396 2570 1467 invitae
2607 1397 3005 1492 jungantur,
3062 1410 3133 1471 ut
3184 1400 3495 1495 plerique
3549 1398 3785 1491 codd„
3840 1409 4057 1472 recte.

2444 1556 2623 1630 Trr.
2677 1557 2858 1629 XII.

2211 1669 2321 1729 DE
2357 1669 2729 1730 INCESTIS
2765 1670 3114 1731 NUPTIIS.

1490 1778 1575 1851 C.
1634 1786 1698 1850 1.
1742 1787 1853 1851 est
1898 1779 2103 1850 etiam
2156 1778 2226 1847 in
2283 1777 2525 1849 codice
2569 1778 2906 1851 Biblioth.
2947 1778 3172 1876 Capit.
3201 1779 3480 1854 Eccles.
3525 1778 4057 1876 EporedieusiS.

1281 1898 1395 1974 cf.
1428 1884 1590 1971 Lex
1640 1898 1955 1969 Romana
2009 1894 2534 1992 Visigothorum
2593 1921 2632 1966 a
2684 1898 2884 1968 nobis
2940 1898 3127 1968 edita
3178 1922 3329 1994 pag.
3390 1896 3559 1994 LII,
3614 1923 3719 1968 nr.
3785 1900 3900 1968 16.
3957 1940 4056 1950 —

1280 2016 1365 2095 C.
1424 2022 1495 2088 2.
1554 2016 1724 2113 Imp.
1787 2014 2248 2087 Constantius
2305 2019 2403 2086 Α.
2461 2024 2531 2086 et
2584 2012 2902 2087 Julianus
2949 2015 3196 2106 Caes.,
3250 2041 3334 2087 ex
3381 2026 3620 2088 nostra
3674 2017 3811 2111 cj.,
3861 2039 4059 2111 quam

1278 2147 1466 2209 tacet
1519 2133 1802 2221 Vesm.‚
1845 2132 1968 2204 sed
2024 2133 2179 2223 sac,
2237 2132 2388 2203 vide
2444 2141 2744 2203 nostram
2804 2133 2972 2204 edit.
3028 2132 3112 2205 C.
3157 2133 3300 2204 Th.
3356 2143 3499 2208 not.
3555 2157 3624 2205 u.
3684 2179 3770 2187 -—
3855 2132 3939 2208 G.
3991 2140 4056 2205 3.

1280 2256 1625 2328 credatur.
1699 2258 1773 2345 §.
1838 2259 1897 2322 l.
1952 2250 2187 2341 Nihil,
2245 2277 2381 2322 om.
2439 2251 2648 2345 igitur
2714 2259 2813 2337 ut,
2868 2251 3016 2322 siue
3064 2253 3509 2325 necessitate.
3564 2294 3655 2305 —
3716 2252 3884 2323 nihil
3930 2279 4056 2327 re-

1274 2372 1561 2469 linquat.
1663 2370 1897 2470 Supra
1964 2370 2417 2466 derelinquat.
2471 2412 2573 2422 —
2644 2393 2793 2441 eum
2859 2370 3080 2463 gradu
3128 2372 3524 2467 proximus,
3591 2372 3773 2466 quod
3828 2374 4055 2468 aptius

1275 2492 1544 2563 videtur
1605 2515 1788 2564 esse.
1839 2497 1942 2543 '—-
1988 2489 2132 2584 jam
2187 2488 2437 2560 (ludum
2483 2488 2658 2580 (om.
2705 2489 2835 2558 hoc
2886 2490 3040 2579 est)
3097 2498 3281 2578 ante,
3329 2513 3411 2559 ex
3467 2490 3560 2585 cj.
3614 2489 3735 2560 Ri.
3775 2531 3877 2541 -—
3931 2490 4056 2563 In-

1276 2618 1490 2708 terpr.
1544 2635 1608 2681 c.
1663 2614 1736 2681 3.
1786 2632 1923 2679 non
1976 2607 2359 2711 habeantur
2406 2608 2707 2698 leyitimi
2758 2629 2891 2677 nec
2931 2606 3248 2697 heredes,
3304 2607 3454 2695 sed,
3514 2606 3596 2678 de
3653 2607 3746 2701 cj.
3794 2607 4056 2681 Censet

1278 2731 1457 2801 enim
1509 2752 1747 2800 vocem
1794 2729 2096 2820 leyitimi
2147 2726 2257 2795 vix
2313 2726 2556 2796 abesse
2603 2748 2839 2819 posse,
2888 2749 2967 2795 ac
3023 2727 3083 2796 si
3136 2725 3300 2821 quid
3366 2725 3765 2817 delendum,
3821 2729 4050 2823 potius

1278 2847 1722 2920 omittendam
1776 2869 2011 2918 vocem
2064 2846 2388 2916 heredes.
2470 2843 2550 2913 In
2601 2843 2759 2939 lege
2805 2845 3246 2941 simpliciter:
3300 2866 3532 2936 neque
3559 2845 3751 2936 filios
3788 2847 4055 2920 habere

1276 2970 1655 3053 credatur,
1715 2972 1797 3035 ut
1849 2964 2030 3035 nihil
2076 2965 2484 3055 praedictis
2541 2965 3031 3055 derelinquat,
3090 2975 3159 3037 et
3223 2961 3559 3059 Interpr..·
3618 2964 3684 3034 in
3748 2969 3817 3036 si
3864 2968 4058 3060 filios

1274 3087 1695 3172 habaet-inu
1754 3084 2025 3155 videtur
2075 3083 2288 3178 igitur
2342 3082 2687 3155 excidisse
2739 3085 2912 3176 filii,
2982 3093 3098 3155 aut
3147 3084 3380 3181 potius
3434 3086 3762 3175 leyilimi,
3820 3086 3882 3156 si
3941 3110 4060 3156 se-

1276 3207 1541 3303 quimur
1599 3203 1907 3276 codices.
1992 3201 2331 3273 Fortasse
2384 3200 2890 3296 reponendum:
2948 3203 3354 3272 habeantur
3403 3203 3703 3274 heredes
3758 3205 4059 3294 leyitimi

1276 3323 1470 3417 (scil.
1521 3324 1722 3417 filii).
1776 3346 1911 3376 —-·
1950 3318 2031 3393 C.
2085 3324 2159 3390 4.
2218 3319 2365 3390 kal.
2417 3320 2570 3414 jan.
2617 3344 2742 3416 pro
2798 3317 2966 3392 Jun.
3036 3362 3140 3374 —-
3216 3318 3514 3417 Interpr.
3576 3343 3640 3391 c.
3696 3326 3771 3391 4.
3819 3324 4061 3393 exclu-

1277 3442 1546 3531 duntur,
1596 3448 1815 3512 recte.

2448 3555 2628 3628 Trr.
2679 3554 2901 3627 XIII.

2405 3635 2525 3727 'nn
2561 3668 2926 3729 nomos.

1484 3760 1785 3858 Interpr.
1845 3785 1908 3832 c.
1962 3764 2034 3832 3.
2084 3767 2260 3852 post
2313 3766 2476 3854 ejus
2532 3762 2800 3831 obitum
2815 3785 2836 3848 ‚-
2885 3759 3045 3832 edd.
3091 3769 3270 3853 post
3327 3760 3596 3832 obitum
3649 3768 3833 3856 ejus.

2431 3921 2612 3993 Trr.
2667 3921 2908 3994 XIIII.

2181 4033 2289 4092 DE
2325 4034 2661 4094 NUP'HIS
2701 4033 3182 4096 GBNTIHUH.

1486 4123 1572 4197 C.
1626 4132 1692 4195 l.
1747 4125 1817 4195 in
1870 4123 2006 4195 his.

2442 4224 2623 4296 Trr.
2677 4222 2892 4297 XVI.

2384 4335 2491 4396 DE
2530 4335 2937 4397 mffmms.

1479 4427 1564 4501 G.
1606 4434 1671 4499 1.
1703 4427 1871 4500 Dat.
1904 4429 1990 4500 X.
2036 4427 2183 4501 kal.
2209 4428 2373 4525 jul„
2418 4427 2542 4499 sed
2575 4429 2888 4524 plerique
2937 4441 3007 4502 et
3051 4430 3496 4501 vetustissimi
3551 4428 3758 4503 codd.
3792 4441 3869 4502 ut
3911 4454 4064 4515 nos,

1280 4570 1498 4642 neque
1557 4546 2009 4642 chronologia
2074 4549 2388 4620 constitt.
2462 4549 2868 4643 scripturam
2917 4545 3188 4621 Vesmii
3257 4549 3717 4622 commendat.
3781 4589 3885 4602 —-
3937 4548 4064 4619 In-

1279 4676 1493 4764 terpr.
1542 4690 1606 4739 c.
1655 4669 1723 4739 1.
1780 4665 2144 4763 repudiare
2199 4668 2375 4759 (om.
2421 4670 2607 4761 non)
2652 4669 3095 4764 permittitur,
3152 4667 3416 4758 dubito,
3478 4692 3634 4739 num
3689 4676 3907 4740 recto.
3961 4706 4066 4720 —

1286 4785 1369 4857 C.
1438 4790 1508 4857 2.
1576 4786 1991 4876 convicerit,
2065 4790 2349 4883 perjura
2420 4785 2648 4857 dotem
2721 4788 2862 4857 viro
2921 4787 3497 4879 donationemque
3550 4783 3908 4877 refundat,
3977 4786 4062 4856 de
