4537 6157
1864 757 1949 823 13

1726 1023 1906 1093 Τιτ.
1967 1020 2094 1093 Vl.

925 1151 1033 1210 DE
1072 1151 1652 1212 NATURALIBUS
1689 1151 1927 1210 runs
1966 1151 2072 1211 ET
2110 1152 2530 1212 MATRIBUS
2569 1154 2871 1213 EORUM.

734 1257 819 1330 C.
881 1263 951 1328 2.
1004 1258 1485 1353 Mag-istratum
1545 1263 2003 1353 Greyorium‚
2071 1260 2155 1330 ad
2218 1285 2412 1356 quem
2462 1261 2576 1331 lex
2633 1260 2793 1332 data
2846 1264 2976 1348 sit,
3040 1262 3282 1338 Vesm.

518 1402 600 1449 ex
639 1400 701 1448 c.
736 1380 808 1447 3.
845 1377 914 1447 h.
950 1389 1002 1450 t.
1042 1380 1382 1476 supplevit
1431 1390 1502 1450 et
1557 1381 1820 1450 initium
1872 1380 2047 1474 legis
2093 1405 2175 1451 ex
2211 1378 2588 1451 Justiniani
2619 1379 2798 1452 Nov.
2829 1381 3282 1475 LXXXIX.

517 1518 672 1590 cap.
733 1500 847 1586 15,
887 1497 1180 1594 improb.
1232 1497 1690 1569 Heimbachio
1737 1498 1915 1594 apud
1953 1500 2464 1585 Gersdorfium
2512 1499 2562 1568 l.
2616 1523 2678 1569 c.
2737 1502 2955 1595 1845,
3002 1526 3071 1597 p.
3116 1505 3280 1591 101,

556 1611 1052 1708 quiJustiniani
1071 1615 1428 1687 Novellam
1467 1617 1549 1686 ad
1586 1618 1804 1689 solum
1842 1616 2173 1688 Codicem
2208 1617 2467 1690 Justin.
2502 1617 2930 1689 referendam
2967 1643 3123 1690 esse
3159 1620 3282 1690 de-

515 1742 876 1804 monstrat.
910 1735 1119 1807 —G.
1155 1736 1523 1807 3.lenonis
1557 1738 1669 1808 vel
1701 1737 1862 1832 (pro
1899 1739 2066 1826 aut)
2105 1738 2427 1825 arenarii,
2473 1762 2555 1809 ex
2593 1737 2750 1808 cod.
2777 1737 3041 1809 videtur
3057 1737 3276 1811 Taur-

508 1893 609 1903 —
652 1854 1071 1925 retraxerint
1102 1854 1204 1924 vel
1245 1863 1623 1927 retractura·
1677 1865 2040 1943 rectorem,
2101 1855 2183 1925 de
2219 1856 2340 1950 ej„
2401 1881 2482 1926 ne
2517 1857 2760 1927 literae
2789 1855 3078 1927 lacunae
3112 1883 3275 1954 spa-

511 1971 672 2041 tium
742 1974 812 2042 in
878 1972 1195 2068 palimps.
1258 1972 1477 2044 Taur.
1534 1974 1893 2043 excedant.
1949 2016 2047 2025 —-
2119 1973 2202 2046 C.
2261 1975 2524 2051 4.,kal.
2593 1986 2771 2071 sept.
2830 1975 3275 2067 Contionaci,

513 2089 696 2184 quod
753 2115 879 2161 nos
954 2116 1221 2187 quoque
1278 2118 1358 2163 ex
1418 2091 1572 2161 aliis
1629 2091 1936 2187 ejusdem
1993 2094 2150 2162 anni
2221 2093 2489 2186 legibus
2555 2093 3049 2164 restituendum
3121 2120 3274 2168 esse

513 2207 832 2280 diximus.
904 2252 997 2261 —
1070 2211 1152 2284 C.
1227 2216 1288 2282 5.
1366 2213 1449 2281 ad
1525 2210 1762 2281 fiscum
1838 2210 2320 2281 transferatur
2380 2211 2504 2302 (de
2569 2213 2754 2307 conj.
2825 2213 3273 2309 Batavorum)

509 2328 690 2423 quod
746 2330 828 2399 ab
886 2330 1191 2425 ipsorum
1241 2355 1536 2427 persona
1593 2328 1876 2417 decidit,
1928 2330 1988 2399 si
2042 2353 2268 2422 neque
2322 2353 2406 2400 ea
2459 2339 2707 2422 portio
2769 2333 3139 2427 eoecipitur,
3204 2347 3270 2405 et

507 2472 704 2519 omne
778 2447 958 2543 quod
1037 2449 1361 2546 legitimis
1418 2449 1748 2545 competit
1802 2447 1986 2541 legis
2041 2452 2506 2537 providentia
2554 2453 2718 2541 (nos
2773 2452 2841 2520 in
2896 2460 3043 2521 not.
3089 2476 3135 2543 9
3188 2454 3270 2524 ad

503 2565 571 2635 b.
632 2591 689 2637 c.
745 2567 978 2662 legum
1031 2569 1535 2662 providentia)
1592 2591 1724 2637 non
1778 2578 2087 2660 negatur.
2194 2568 2514 2640 Ceterum
2566 2568 2632 2639 h.
2688 2569 2735 2639 l.
2789 2568 3022 2641 Vesnn.
3073 2583 3269 2644 acute

503 2685 809 2781 disputat
869 2689 952 2759 de
1007 2685 1182 2759 Nov.
1241 2686 1693 2759 LXXXlX.
1746 2709 1804 2755 c.
1873 2690 1982 2756 12.
2092 2687 2356 2776 ,‚Duo‚
2413 2689 2669 2782 inquit,
2727 2712 2810 2758 ex
2859 2686 2994 2758 hoc
3039 2686 3268 2759 Justi-

500 2804 692 2874 niani
733 2809 1131 2878 testimonio
1178 2805 1698 2900 cognoscimus:
1756 2806 2003 2899 primo,
2060 2829 2099 2875 a
2136 2805 2529 2876 Theodosii
2587 2804 2749 2875 filiis
2800 2804 3266 2879 confirmatum

499 2921 718 2995 fuisse
782 2926 896 3022 jus
963 2925 1279 3022 capiendi
1339 2949 1375 2993 e
1430 2912 1694 3019 patrum
1743 2934 2193 3013 testamento,
2241 2924 2435 3018 'quod
2490 2926 2799 2994 omnibus
2846 2925 3266 2997 naturalibus

498 3043 737 3120 liberis
812 3047 1169 3144 superiore
1223 3044 1377 3139 lege
1422 3040 1751 3113 indultum
1813 3041 2038 3115 fuerat
2087 3068 2228 3130 -ς
2300 3042 2630 3133 secundo,
2675 3041 2911 3114 horum
2966 3044 3265 3140 impera-

504 3167 1216 3244 torum,sanctionem
1289 3164 1510 3232 minus
1573 3163 1838 3256 plenam
1910 3162 2126 3234 fuisse
2199 3163 2292 3258 (εἰ
2345 3167 2462 3234 καὶ.
2519 3161 2608 3235 οὐ
2658 3166 2975 3253 τελείως).
3062 3163 3268 3235 Prior

507 3285 851 3355 sententia
920 3282 1416 3356 constitutione
1479 3288 1673 3352 sexta
1740 3279 1801 3352 h.
1874 3292 1919 3352 t.
1941 3334 1962 3370 ,
2029 3306 2199 3376 quae
2253 3282 2549 3353 Arcadii
2611 3291 2762 3371 est,
2833 3283 3263 3369 continetur3

507 3411 577 3473 at
636 3401 719 3473 de
775 3403 929 3499 ipsa
976 3400 1275 3494 intelligi
1322 3406 1664 3494 nequeunt
1722 3401 1925 3469 verba
1977 3410 2041 3474 εἰ
2092 3404 2209 3474 καὶ
2263 3399 2348 3473 οὐ
2396 3404 2703 3491 τελείως,
2774 3423 2945 3495 quae
3000 3399 3263 3473 idcirco

506 3520 591 3592 ad
623 3521 797 3592 banc
839 3529 1141 3592 nostram
1194 3518 1592 3588 necessario
1638 3516 2024 3593 referenda.
2132 3520 2193 3591 E
2252 3545 2586 3592 converso
2647 3519 3018 3615 superstite
3062 3519 3265 3615 hujus

505 3640 713 3736 legis,
764 3663 933 3733 quae
974 3637 1270 3708 Honorii
1332 3644 1462 3726 est,
1515 3649 1714 3732 parte
1768 3660 1906 3706 non
1959 3639 2161 3709 modo
2213 3665 2274 3712 c.
2307 3644 2353 3708 4
2407 3639 2473 3711 h.
2520 3648 2568 3710 t.
2617 3662 2753 3709 non
2801 3637 3262 3730 confirmatur,

511 3759 633 3830 sed
675 3768 742 3830 et
787 3757 1104 3852 abrogari
1154 3754 1455 3825 videtum
1511 3764 1786 3826 cavetur
1831 3757 2034 3847 enim,
2089 3768 2161 3829 ut
2197 3760 2612 3831 exclusis
2659 3757 3259 3831 naturalibus

505 3880 714 3965 filii
732 3902 768 3949 s
826 3879 924 3947 ad
979 3878 1234 3968 fiscum
1282 3876 1795 3960 transferatur
1855 3879 2045 3968 quod
2089 3877 2178 3948 ab
2224 3883 2553 3968 ipsorum
2605 3898 2936 3968 persona
2979 3878 3257 3947 decidit.

506 3994 765 4069 Verum
806 3994 1165 4091 quominus
1202 3994 1425 4089 legem
1464 3995 1856 4090 abrogatam
1888 3996 2192 4067 dicamus
2225 4004 2408 4066 vetat
2428 3993 2890 4083 Justinianns,
2905 3993 2992 4063 iis
3013 3994 3261 4081 verbis,

512 4116 752 4211 quibus
804 4114 978 4184 banc
1029 4122 1251 4184 const.
1306 4114 1671 4208 significat,
1727 4114 2017 4186 filiorum
2076 4113 2470 4185 Theodosii
2520 4115 2942 4186 sanctionem
2984 4111 3262 4185 tradens

513 4259 652 4305 non
709 4239 1082 4325 superiori
1131 4239 1626 4319 contrariam,
1696 4231 1821 4302 sed
1876 4242 2130 4303 tantum
2186 4241 2428 4304 minus
2472 4235 2769 4324 plenam
2818 4230 3110 4303 suisse.“
3161 4273 3263 4292 ψ·-

516 4350 599 4428 C.
644 4356 711 4422 6.
747 4361 887 4423 tres
945 4359 1227 4422 tantum
1275 4351 1628 4423 bonorum.
1704 4350 1816 4423 Ita
1870 4351 2172 4447 supplev.
2225 4349 2466 4422 Vesm.
2525 4375 2609 4422 ex
2663 4375 2721 4421 c.
2769 4355 2840 4420 4.
2894 4349 2960 4421 h.
3013 4358 3061 4421 t.
3119 4358 3260 4423 tres

514 4479 816 4558 tantum,
867 4478 937 4543 si
988 4473 1204 4557 volet,
1238 4478 1524 4560 uncias,
1571 4471 1720 4541 sine
1774 4471 2230 4559 necessitate,
2279 4471 2685 4565 praesertim
2742 4493 2938 4564 quum
2981 4475 3263 4539 tantum

515 4590 696 4663 desit
749 4592 818 4660 in
875 4591 1027 4664 cod.
1067 4589 1355 4659 Taurin.
1392 4611 1532 4659 sec.
1564 4587 2272 4683 Peyr.—nepotibus
2327 4610 2413 4657 ex
2463 4586 2633 4677 filio,
2661 4609 2807 4658 uno
2829 4586 3263 4679 pluribusve

515 4709 992 4795 existentibus,
1055 4709 1139 4778 de
1195 4708 1309 4804 cj,
1367 4732 1566 4802 quum
1621 4706 1771 4779 cod.
1829 4705 2116 4778 Taurin.
2168 4704 2420 4777 habeat
2469 4699 3065 4793 b.veeaeistentib.,
3120 4728 3256 4775 non

515 4828 583 4899 b.
632 4830 751 4899 uel
787 4823 1244 4917 existentib„
1334 4824 1514 4921 quod
1568 4823 1768 4917 Peyr.
1824 4823 1978 4914 ed.,
2049 4824 2245 4895 bene.
2311 4863 2412 4879 --
2470 4822 2809 4919 largiendi
2878 4823 2992 4894 vel
3045 4823 3259 4894 relin-

4299 3188 4521 3204 “o—'M
