4537 6157
2227 764 2500 773 -——-—-
2643 724 2691 791 8

1276 922 1334 973 in
1386 922 1494 974 hoc
1530 919 1699 974 Libro
1733 918 2063 973 tentandum
2102 917 2438 986 videbatur,
2487 932 2660 986 eoque
2696 917 2891 981 tutius,
2927 917 3076 987 quod
3112 934 3149 971 a
3181 916 3566 988 Wisigotthis,
3602 917 3662 970 in
3697 914 3785 970 his
3816 931 4051 985 praeser-

1275 1007 1376 1059 tim
1404 1004 1593 1059 Libris
1631 1004 1726 1073 qui
1765 1004 1835 1055 de
1870 1001 2093 1072 privato
2122 1003 2251 1070 jure
2289 1000 2557 1071 agebant,
2595 1018 2706 1054 non
2742 1002 2823 1054 ita
2859 1003 3255 1071 pessumdatus
3278 1019 3349 1056 ac
3372 1017 3597 1072 prorsus
3621 1003 3738 1056 fere
3755 1002 4045 1071 neglectus

1273 1097 1359 1143 est
1423 1089 1610 1143 Codex
1667 1087 2097 1141 Theodosianus
2162 1092 2226 1140 ut
2282 1084 2471 1140 Codex
2525 1085 2926 1155 Gregorianus.
2984 1117 3045 1126 —
3098 1087 3167 1140 In
3226 1086 3432 1141 Codice
3478 1087 3850 1143 Justinianaeo
3901 1085 4049 1139 inter

1274 1174 1496 1227 titulum
1526 1174 1612 1226 De
1635 1173 1816 1225 usuris
1855 1171 1928 1240 (4,
1964 1171 2081 1235 32),
2116 1170 2215 1239 qui
2249 1170 2310 1222 in
2345 1168 2406 1224 C.
2443 1170 2550 1225 Th.
2586 1172 2668 1225 br.
2707 1177 3021 1241 postremus
3058 1178 3145 1226 est
3181 1171 3335 1226 Libri
3371 1172 3449 1239 ΙΙ,
3487 1179 3545 1227 et
3578 1171 3809 1225 titulum
3832 1168 3914 1221 De
3951 1169 4048 1222 ad-

1276 1260 1670 1322 ministratione
1718 1265 1950 1309 tutorum
1989 1255 2071 1324 (5,
2106 1256 2234 1321 37),
2286 1261 2492 1324 praeter
2540 1270 2635 1308 eos
2683 1256 2781 1325 qui
2827 1257 2887 1309 in
2942 1255 3048 1310 hoc
3083 1255 3253 1310 Libro
3289 1257 3381 1310 111
3418 1257 3589 1311 etiam
3623 1257 3682 1309 in
3720 1253 3782 1308 C.
3817 1252 3928 1309 Th.
3967 1252 4049 1307 br.

1276 1349 1605 1413 supersunt,
1650 1340 1852 1411 viginti
1900 1347 2033 1393 sunt
2070 1340 2249 1403 tituli,
2295 1340 2500 1408 quibus
2548 1340 2973 1394 constitutiones
3021 1341 3353 1394 exhibentur
3401 1358 3432 1395 e
3470 1340 3530 1394 C.
3570 1339 3678 1394 Th.
3716 1337 4047 1403 desumptae.

1274 1427 1386 1484 Sed
1430 1428 1631 1483 titulus
1667 1426 1931 1478 Mandati
1968 1423 2053 1490 (4,
2102 1424 2193 1489 64)
2233 1424 2292 1476 in
2328 1422 2389 1476 C.
2427 1422 2534 1477 Th.
2570 1424 2628 1476 in
2664 1425 2911 1479 secundo
2946 1426 3135 1479 adhuc
3167 1425 3344 1480 Libro
3379 1425 3591 1494 positus
3627 1424 3766 1491 tuit3
3814 1439 3945 1476 nam
3989 1421 4050 1473 in

1275 1514 1468 1569 eodem
1518 1513 1788 1583 leguntur
1835 1509 1949 1578 ipsi
1993 1506 2195 1562 affines
2239 1500 2392 1561 tituli
2440 1507 2595 1567 Quod
2617 1512 2784 1579 jussu
2831 1515 2887 1562 et
2921 1510 3002 1561 De
3032 1511 3258 1578 peculio.
3332 1510 3617 1564 Praeterea
3657 1525 3688 1562 e
3727 1509 4049 1562 memoratis

1277 1597 1480 1668 viginti
1524 1595 1705 1650 titulis
1740 1602 1853 1648 tres
1890 1612 1958 1648 ex
1993 1593 2122 1647 aliis
2158 1592 2381 1646 Codicis
2417 1592 2524 1646 Th.
2562 1593 2721 1647 libris
2754 1594 3036 1664 desumpti
3071 1600 3227 1647 sunt:
3274 1595 3402 1648 Sine
3440 1612 3629 1661 censu,
3669 1593 3731 1647 C.
3774 1593 3828 1647 J.
3863 1591 3923 1659 4,
3963 1592 4050 1660 47,

1278 1682 1339 1736 C.
1378 1681 1485 1736 Th.
1524 1682 1618 1743 11,
1655 1680 1716 1744 3,
1753 1679 1837 1732 De
1873 1679 2222 1747 vectiyalibus
2256 1686 2305 1729 et
2344 1680 2650 1743 commissis,
2687 1677 2750 1732 C.
2789 1679 2844 1735 J.
2881 1680 2932 1745 4,
2969 1679 3066 1747 61,
3106 1679 3167 1733 C.
3199 1680 3317 1734 Th.
3352 1679 3420 1746 4,
3458 1680 3551 1746 12,
3591 1679 3673 1731 De
3708 1678 4048 1731 naturalibus

1276 1768 1455 1818 liberis
1491 1773 1541 1817 et
1575 1765 1836 1816 matribus
1872 1782 2066 1825 eorum,
2105 1762 2166 1816 C.
2205 1762 2258 1817 J.
2297 1764 2360 1827 5,
2395 1763 2489 1830 27,
2527 1762 2588 1817 C.
2628 1764 2738 1818 Th.
2775 1765 2827 1831 4,
2864 1765 2924 1831 6,
2960 1771 3309 1834 quapropter
3345 1764 3515 1818 etiam
3552 1764 3639 1817 tit.
3677 1762 3738 1819 C.
3771 1763 3825 1817 J.
3865 1761 3928 1829 4,
3965 1763 4048 1832 62,

1293 1852 1582 1920 Vectiqalia
1620 1868 1757 1903 nova
1793 1850 2007 1901 institui
2042 1866 2150 1900 non
2179 1865 2358 1916 posse,
2398 1848 2446 1901 si
2483 1849 2706 1917 quidem
2744 1848 3045 1918 peculiaris
3071 1851 3142 1903 de
3179 1866 3247 1902 ea
3282 1866 3342 1903 re
3365 1849 3568 1902 titulus
3591 1850 3652 1901 in
3679 1848 3740 1902 C.
3777 1848 3889 1901 Th.
3925 1848 4050 1910 fuit,

1220 1966 1231 1979 ι
1280 1936 1354 1989 ad
1393 1939 1657 2006 quartum
1693 1934 1943 2003 ejusdem
1982 1933 2221 1987 Librum
2257 1934 2599 1988 referendus.
2673 1933 2734 1988 C.
2772 1933 2826 1988 J.
2861 1933 3013 1987 tituli
3050 1934 3134 1986 De
3182 1935 3522 2002 sponsalibus
3570 1941 3618 1985 et
3664 1934 3845 1985 arrhis
3889 1949 4048 2000 spon-

1280 2022 1478 2075 salitiis
1524 2031 1571 2074 et
1617 2020 1976 2091 proxeneticis
2026 2020 2108 2087 (5,
2144 2019 2223 2087 1),
2277 2024 2335 2072 et
2379 2016 2462 2068 De
2515 2019 2893 2071 donationibus
2940 2028 3062 2072 ante
3103 2021 3326 2088 nuptias
3362 2021 3440 2072 vel
3471 2026 3690 2087 propter
3735 2019 3956 2086 nuptias
4002 2026 4051 2070 et

1280 2106 1618 2173 sponsalitiis
1667 2106 1758 2171 (5,
1803 2104 1883 2175 3),
1939 2121 2113 2157 unum
2150 2100 2407 2157 efficiunt
2441 2103 2500 2154 in
2537 2102 2594 2155 C.
2636 2102 2743 2156 Th.
2775 2143 2788 2170 ,
2827 2121 2928 2158 seu
2961 2104 3044 2156 De
3079 2105 3416 2173 sponsalibus
3453 2111 3502 2155 et
3538 2111 3662 2155 ante
3702 2104 3923 2171 nuptias
3961 2105 4052 2155 do-

1280 2191 1604 2243 nationibus.
1689 2189 1834 2243 Item
1872 2186 1935 2242 O.
1992 2188 2047 2242 J.
2085 2187 2286 2242 titulus
2321 2188 2384 2240 Si
2422 2189 2518 2239 dos
2555 2195 2827 2241 constante
2862 2190 3200 2242 matrimonio
3237 2190 3413 2242 soluta
3438 2187 3622 2255 fuerit
3665 2188 3742 2253 (5,
3782 2187 3869 2248 19)
3906 2187 4050 2240 nihil

1284 2274 1532 2329 continet
1565 2274 1674 2327 nisi
1710 2262 1927 2343 partem
1968 2291 2009 2326 c.
2046 2279 2077 2325 3
2117 2272 2174 2325 G.
2220 2272 2316 2326 Tb.
2358 2274 2438 2324 br.
2480 2275 2545 2325 de
2581 2273 2791 2324 dotibus
2832 2274 2903 2337 (5,
2942 2273 3062 2339 13);
3098 2291 3205 2329 nec
3240 2274 3437 2327 titulus
3464 2272 3527 2326 C.
3563 2272 3619 2328 J.
3651 2274 3824 2325 soluto
3863 2273 4047 2323 matri-

1282 2361 1456 2413 monio
1494 2363 1927 2428 quemadmodum
1952 2363 2049 2411 dos
2076 2366 2302 2427 petatur
2328 2359 2406 2423 (5,
2432 2358 2522 2422 18)
2550 2357 2840 2427 quidpiam
2867 2374 2897 2412 e
2922 2357 2984 2412 C.
3017 2358 3125 2411 Th.
3152 2359 3380 2413 exhibet
3401 2366 3609 2427 praeter
3633 2357 3805 2409 aliam
3829 2362 4050 2425 partem

1283 2443 1533 2511 ejusdem
1554 2463 1599 2499 c.
1614 2446 1664 2498 3.
1704 2445 1809 2497 His
1835 2444 2118 2498 accedunt
2137 2449 2250 2497 tres
2271 2442 2438 2501 tituli.
2462 2443 2521 2494 in
2541 2443 2745 2511 quibus
2767 2443 3188 2497 constitutiones
3202 2443 3428 2513 quidem
3449 2461 3479 2496 e
3494 2441 3556 2496 C.
3571 2441 3677 2495 Th.
3704 2442 4049 2510 depromptae

1283 2528 1655 2596 reperiuntur,
1691 2530 1789 2583 sed
1824 2545 2014 2582 omnes
2038 2528 2097 2580 in
2122 2527 2250 2580 aliis
2281 2526 2419 2581 locis
2445 2528 2695 2595 ejusdem
2721 2525 2943 2580 Codicis
2972 2545 3124 2582 nunc
3149 2528 3319 2583 etiam
3345 2531 3614 2580 extantes.
3690 2525 3767 2578 Et
3790 2525 4049 2594 primum,
4143 2588 4148 2599 ,

1282 2612 1386 2665 sub
1416 2611 1478 2666 C.
1502 2612 1555 2667 J.
1580 2613 1745 2666 titulo
1768 2614 1831 2665 Si
1848 2622 2074 2682 propter
2096 2612 2345 2681 publicas
2354 2612 2743 2678 pensitationes
2769 2613 2999 2665 venditio
3014 2614 3199 2682 fuerit
3224 2614 3485 2665 celebrata
3515 2610 3590 2676 (4,
3619 2609 3708 2676 46)
3738 2627 3853 2664 una
3881 2617 4052 2678 extat,

1287 2714 1353 2750 ex
1388 2695 1546 2750 affini
1582 2698 1745 2751 titulo
1781 2697 1842 2753 C.
1871 2696 1979 2753 Th.
2008 2697 2326 2765 desumpta,
2365 2713 2406 2748 c.
2446 2697 2475 2749 1
2515 2698 2578 2749 de
2616 2698 2976 2750 distrahendis
3006 2699 3322 2766 pignoribus
3349 2710 3490 2765 quae
3532 2697 3849 2748 tributorum
3884 2713 4052 2748 causa

1290 2791 1534 2835 tenentur
1580 2784 1686 2847 (11,
1722 2781 1816 2852 9),
1868 2783 1950 2835 uti
2001 2788 2059 2837 et
2107 2781 2235 2834 aliae
2272 2779 2429 2849 leges
2460 2781 2534 2834 ad
2569 2781 2718 2835 idem
2756 2790 3148 2852 argumentum
3184 2781 3528 2851 pertinentes
3566 2780 3670 2834 sub
3710 2779 3838 2832 aliis
3872 2780 4051 2834 titulis

1289 2865 1348 2922 C.
1389 2866 1497 2920 Th.
1548 2867 1745 2935 positae
1794 2873 1955 2932 sunt,
2016 2865 2153 2935 quin
2189 2865 2301 2917 imo
2337 2864 2462 2934 ipsa
2497 2865 2650 2919 tituli
2685 2866 2811 2918 Sine
2846 2885 3002 2919 censu
3043 2866 3126 2934 (4,
3162 2866 3253 2933 47)
3289 2865 3614 2935 proximitas
3652 2865 3789 2918 satis
3827 2865 4054 2919 demon-

1287 2956 1432 3005 strat
1477 2951 1647 3004 hosce
1681 2950 1873 3004 titulos
1913 2967 2031 3004 rem
2067 2949 2428 3004 tributariam
2464 2950 2830 3018 respicientes
2866 2969 2978 3005 non
3013 2951 3393 3006 Theodosiani
3430 2951 3530 3004 sed
3571 2946 3910 3020 Gregoriani
3948 2948 4052 3003 Co·

1287 3036 1429 3090 dicis
1479 3035 1811 3090 auctoritate
1859 3035 1918 3088 in
1964 3034 2115 3089 hanc
2166 3035 2357 3089 sedem
2407 3036 2688 3103 conjectos
2722 3036 2782 3089 in
2818 3035 3025 3092 Codice
3061 3035 3451 3092 Justinianaeo.
3537 3035 3702 3088 Alter
3735 3031 4058 3102 hujusmodi

1285 3121 1486 3175 titulus
1542 3126 1629 3175 est
1677 3120 1759 3173 De
1808 3120 2189 3173 donationibus
2236 3122 2377 3172 inter
2423 3121 2595 3172 virum
2644 3127 2693 3173 et
2738 3138 2951 3175 uxorem
2998 3124 3082 3187 (5,
3137 3121 3252 3187 16),
3301 3121 3463 3190 cujus
3516 3138 3556 3172 c.
3607 3120 3676 3172 24
3721 3125 3836 3181 est,
3890 3118 4058 3186 longe

1216 3207 1219 3210 ’
1291 3206 1508 3276 aptiore
1552 3206 1679 3259 loco
1725 3204 1942 3274 posita,
1993 3221 2036 3257 c.
2079 3206 2109 3257 1
2147 3205 2204 3257 C.
2251 3203 2351 3260 Tb.
2404 3206 2469 3256 de
2505 3205 2655 3257 bonis
2685 3209 3112 3275 proscriptorum
3146 3205 3230 3271 (9,
3266 3205 3350 3272 4),
3389 3204 3488 3257 sed
3525 3220 3651 3257 cum
3689 3208 3746 3256 et
3781 3202 3897 3255 alia
3934 3218 4059 3255 con·

1290 3290 1504 3344 stitutio
1551 3289 1854 3359 respiciens
1904 3289 2232 3344 donationes
2280 3289 2426 3343 inter
2466 3288 2647 3343 virum
2693 3295 2750 3344 et
2790 3306 3016 3346 uxorem
3064 3291 3124 3343 in
3169 3288 3230 3343 C.
3271 3288 3379 3342 Th.
3433 3288 3540 3341 sub
3577 3287 3796 3340 diverso
3830 3303 4056 3355 prorsus

1290 3375 1456 3430 titulo
1492 3379 1557 3442 (c.
1597 3379 1625 3426 5
1665 3376 1728 3427 de
1761 3377 2079 3427 revocandis
2116 3376 2496 3428 donationibus
2534 3378 2609 3441 (8,
2649 3374 2736 3444 13)
2774 3374 3016 3446 legatur,
3052 3375 3189 3428 satis
3226 3379 3468 3443 apparet
3502 3372 3721 3425 nullum
3758 3371 3829 3425 de
3864 3371 4059 3441 hujus*

1292 3459 1440 3514 modi
1477 3459 1867 3514 donationibus
1903 3459 2251 3529 peculiarem
2284 3459 2512 3512 titulum
2546 3458 2723 3512 fuisse
2760 3459 2816 3511 in
2844 3458 3050 3513 Codice
3072 3458 3480 3513 Theodosiana.
3551 3456 3778 3509 Titulus
3803 3455 4048 3525 denique

1302 3545 1528 3605 Quando
1579 3547 1765 3598 mulier
1808 3546 2000 3604 tutelae
2038 3545 2217 3613 officio
2236 3543 2410 3613 sunyi
2440 3545 2616 3612 possit
2656 3545 2739 3611 (5,
2775 3545 2869 3610 35)
2904 3544 3079 3598 solam
3116 3561 3147 3597 e
3183 3542 3244 3596 C.
3287 3543 3395 3596 Th.
3435 3541 3665 3596 exhibet
3700 3558 3743 3595 c.
3784 3547 3819 3594 4
3857 3541 3918 3594 C.
3964 3540 4062 3594 Tb.

1292 3633 1376 3682 br.
1406 3634 1468 3682 de
1498 3632 1763 3683 tutoribus
1787 3637 1836 3683 et
1874 3632 2216 3683 curatoribus
2252 3630 2499 3682 creandis
2535 3629 2612 3696 (3,
2652 3629 2778 3694 17),
2819 3647 2947 3683 cum
2983 3634 3041 3682 et
3066 3628 3197 3699 jure
3230 3628 3480 3698 antiqua,
3518 3626 3629 3680 hac
3665 3625 3890 3680 demum
3927 3643 4058 3681 oon-

1300 3714 1591 3769 stitutione
1615 3716 1917 3786 abrogato,
1954 3721 2165 3769 matres
2190 3732 2226 3768 a
2253 3713 2436 3768 tutela
2473 3714 2699 3783 penitus
2734 3720 3074 3769 arcerentur.
3145 3713 3278 3768 Una
3314 3730 3345 3767 e
3382 3727 3645 3767 converso
3682 3711 3742 3764 in
3778 3714 3838 3766 C.
3876 3711 3929 3767 J.
3972 3717 4059 3766 est

1296 3799 1553 3866 rubrica,
1590 3818 1624 3853 a
1661 3806 1975 3854 ceterarum
2013 3800 2070 3852 in
2108 3798 2167 3854 C.
2210 3798 2322 3853 Th.
2360 3799 2548 3853 indole
2582 3815 2805 3867 prorsus
2843 3799 3054 3864 aliena,
3112 3799 3218 3858 Qui
3254 3800 3388 3851 dare
3426 3805 3629 3849 tutores
3665 3797 3746 3847 vel
3782 3805 4061 3849 curatores

1296 3892 1535 3952 possunt,
1578 3885 1654 3937 vel
1679 3886 1771 3952 qui
1795 3886 1921 3937 dari
1954 3901 2059 3935 non
2078 3891 2308 3953 possunt
2335 3883 2404 3951 (5,
2430 3884 2553 3949 34),
2591 3890 2656 3937 ut
2676 3885 2900 3938 omnino
2936 3902 2967 3939 e
3005 3884 3226 3938 duabus
3261 3882 3323 3936 C.
3361 3881 3467 3935 Th.
3501 3880 3745 3935 rubricis
3791 3879 3895 3939 Qui
3932 3883 4062 3932 dare

1301 3976 1503 4024 tutores
1541 3971 1619 4022 vel
1653 3979 1922 4022 curatores
1948 3976 2178 4037 possunt
2213 3974 2273 4021 et
2304 3968 2408 4027 Qui
2445 3971 2570 4021 dari
2607 3978 2808 4022 tutores
2833 3979 3060 4038 possunt
3087 3969 3328 4022 conflata
3352 3967 3636 4032 videatur3
3677 3967 3745 4019 cf.
3769 3970 3964 4019 notata
3989 3966 4063 4019 ad

1300 4053 1418 4108 Lib.
1449 4052 1523 4120 11,
1560 4053 1667 4107 titt.
1692 4053 1896 4107 XXXI
1923 4059 1981 4106 et
2014 4052 2264 4106 XXXII.
2340 4052 2501 4107 Unus
2537 4060 2811 4123 praeterea
2848 4054 2955 4108 hoc
2987 4054 3113 4107 loco
3148 4058 3233 4106 est
3264 4051 3323 4103 in
3349 4048 3410 4103 C.
3436 4048 3490 4102 J.
3519 4048 3743 4114 titulus,
3779 4049 3864 4101 De
3884 4051 4066 4117 pactis

1298 4141 1564 4193 conventis
1593 4147 1702 4190 tam
1727 4156 1885 4207 super
1911 4140 2028 4190 dote
2054 4153 2211 4205 quam
2247 4153 2406 4204 super
2443 4140 2730 4191 donatione
2766 4148 2920 4192 ante
2955 4138 3156 4206 nupti
3174 4154 3246 4189 as
3282 4144 3331 4189 et
3359 4135 3726 4203 paraphernis
3758 4135 3844 4200 (5,
3868 4133 3980 4201 14),
4004 4135 4065 4188 in

1299 4240 1466 4293 quem
1489 4223 1644 4276 nulla
1663 4222 1889 4291 quidem
1912 4239 1943 4276 e
1966 4221 2024 4277 C.
2043 4221 2150 4275 Th.
2172 4223 2495 4276 constitutio
2518 4224 2754 4287 transiit,
2780 4224 2878 4278 sed
2902 4240 3069 4293 quem
3089 4239 3159 4276 ex
3183 4221 3289 4276 hoc
3315 4220 3523 4274 Codice
3545 4236 3668 4274 esse
3705 4222 4064 4290 desumptum

1299 4307 1389 4362 vel
1415 4307 1538 4377 ipsa
1562 4307 1783 4360 rubrica
1809 4306 2095 4360 evidenter
2115 4307 2375 4369 ostendit,
2415 4323 2542 4359 cum
2568 4308 2625 4360 in
2651 4324 2720 4361 ea
2742 4308 2969 4362 donatio
3004 4314 3127 4360 ante
3163 4307 3410 4374 nuptias,
3434 4321 3544 4357 non
3575 4314 3802 4374 propter
3833 4307 4068 4374 nuptias,

1302 4396 1651 4446 memoretur.
1722 4391 1793 4443 In
1827 4391 2080 4462 Digestis
2116 4391 2251 4445 huic
2286 4389 2475 4445 affinis
2511 4398 2595 4445 est
2630 4393 2830 4446 titulus
2865 4393 2947 4445 De
2979 4393 3157 4460 pactis
3195 4391 3485 4457 dotalibus3
3520 4406 3704 4459 neque
3740 4389 4067 4444 dissimilem

1301 4474 1423 4528 sive
1472 4476 1529 4528 in
1568 4473 1913 4546 Gregoriano
1965 4476 2081 4530 sive
2131 4476 2189 4528 in
2224 4474 2679 4548 Hermogeniana
2715 4476 2920 4533 Codice
2971 4477 3145 4531 fuisse
3189 4476 3354 4529 docet
3399 4474 3602 4529 veteris
3641 4474 3786 4542 juris
3838 4474 4065 4528 collatio

1303 4575 1429 4612 cum
1477 4576 1542 4613 eo
1589 4561 1738 4630 quod
1786 4566 1909 4629 post
1943 4559 2382 4616 Constantinum„
2410 4561 2666 4614 invaluit.
2746 4562 3008 4616 Delenda
3054 4567 3244 4616 tamen
3288 4567 3422 4614 sunt
3467 4563 3747 4630 postrema
3791 4560 3966 4614 verba
4015 4566 4066 4611 et

1298 4645 1679 4713 paraphernis,
1714 4662 1841 4698 cum
1877 4645 2358 4714 paraphernorum
2386 4647 2483 4714 jus
2517 4646 2737 4700 nonnisi
2773 4662 2918 4699 anno
2951 4646 3077 4713 449,
3113 4663 3213 4700 seu
3251 4663 3294 4698 c.
3332 4652 3380 4700 8.
3411 4645 3467 4699 G.
3508 4645 3565 4699 J.
3607 4647 3738 4711 eod.,
3776 4645 4062 4699 invectum

1303 4725 1490 4782 fuerit.
1532 4760 1595 4767 —
1646 4729 1819 4784 Hisce
1856 4729 2230 4798 praemonitis,
2288 4728 2438 4784 hunc
2481 4730 2770 4785 titulorum
2806 4730 2967 4784 Libri
3006 4732 3093 4785 III
3132 4730 3352 4785 Codicis
3391 4729 3768 4785 Theodosiani
3803 4730 4058 4783 ordinem

1302 4813 1599 4866 statuimus
1625 4832 1637 4868 τ
