4537 6157
1816 758 1852 823 7

448 955 812 1057 cj.‚-bene‚
871 957 1003 1027 etsi
1062 958 1402 1029 sententia
1458 952 1590 1027 non
1628 967 1943 1028 mutatur.
1991 997 2093 1007 —
2136 958 2540 1033 involutam
2575 968 2859 1054 maynis
2890 968 3220 1035 crimini-

448 1070 578 1146 bus
638 1096 762 1170 pro
802 1078 966 1146 inv.
1024 1078 1226 1146 crim.
1279 1080 1588 1167 maym's.

1586 1223 1767 1295 Tm.
1823 1219 2077 1293 XVII.

1098 1412 1103 1420 ,
1516 1351 1623 1411 ΒΕ
1662 1349 2141 1411 'suros-Inus.

642 1455 726 1528 G.
794 1464 858 1526 l.
933 1456 1023 1527 ad
1071 1456 1365 1529 Bassum
1410 1458 1844 1530 Praefectum
1905 1460 2124 1532 Urbis
2191 1465 2501 1550 Romae,
2578 1485 2773 1558 quam
2831 1460 3225 1555 dignitatem

447 1576 676 1646 Basso
749 1574 1234 1646 vindicavimus
1280 1584 1422 1649 not.
1479 1600 1527 1668 y
1599 1577 1683 1647 ad
1750 1576 1820 1647 h.
1894 1601 1957 1648 c.
2043 1619 2146 1632 —-
2212 1578 2296 1651 C.
2365 1584 2436 1652 2.
2497 1581 2870 1676 legitimam
2936 1585 3004 1649 et
3058 1602 3228 1648 con-

446 1694 887 1789 sanguineus.
983 1690 1135 1765 Jam
1196 1693 1516 1786 diximus,
1572 1697 1772 1768 nobis
1827 1696 2102 1792 placere
2155 1699 2560 1793 particulam
2614 1707 2708 1769 et.
2760 1739 2864 1751 —-
2917 1704 2989 1768 et
3041 1699 3216 1767 Con·

445 1814 725 1884 stantia
799 1810 1003 1884 Caes.
1077 1836 1303 1883 conss.
1404 1813 1670 1886 Nomen
1746 1819 2161 1887 Constantii
2217 1814 2461 1887 Vesm.
2540 1816 2699 1887 add.
2765 1839 2848 1887 ex
2916 1815 3048 1886 Be.
3108 1813 3230 1909 cj.,

443 1953 593 2000 nam
654 1929 728 2000 iu
799 1932 1107 2002 omnihus
1174 1930 1379 2002 codd.
1451 1932 1668 2004 deest.
1735 1975 1823 1985 —
1905 1933 1988 2006 C.
2037 1939 2111 2007 3.
2176 1940 2247 2023 §.
2310 1941 2374 2006 1.
2446 1935 2758 2005 homines
2824 1934 3229 2009 offeruntur,

446 2073 574 2145 pro
651 2049 1060 2138 offerentur,
1129 2062 1347 2121 recte.
1410 2093 1491 2101 —-
1575 2050 1660 2121 C.
1731 2056 1807 2121 4.
1870 2061 2034 2122 tunc
2088 2053 2397 2144 demum,
2460 2052 2572 2124 hic
2629 2063 2698 2123 et
2740 2051 2969 2148 paullo
3025 2051 3230 2139 infra,

447 2193 573 2264 pro
628 2177 775 2238 tum
831 2168 1140 2259 demum,
1209 2169 1357 2240 sine
1413 2193 1684 2242 necess.
1757 2214 1856 2223 —-
1942 2170 2333 2266 praefectus
2406 2172 2595 2243 urbis
2665 2173 2912 2243 accito.
3005 2166 3231 2239 Nobis

447 2287 645 2383 prob.
685 2286 985 2358 adscito.
1018 2328 1121 2339 —
1172 2287 1471 2384 Interpr.
1521 2312 1585 2360 c.
1635 2292 1704 2358 4.
1754 2290 1823 2358 in
1880 2291 2313 2359 consortium
2363 2291 2696 2386 recipitur
2745 2291 3077 2362 maritale.
3136 2331 3233 2341 —

452 2406 587 2478 nisi
634 2406 864 2501 major
922 2413 1174 2496 aetate,
1231 2418 1305 2476 ut
1359 2408 1513 2503 ipsa
1559 2408 1672 2479 lex
1725 2411 1797 2498 §.
1856 2413 1927 2478 3.
1960 2450 2058 2461 —
2117 2407 2466 2477 electione
2494 2408 2752 2502 judicis
2788 2450 2886 2463 —-
2943 2408 3230 2478 minori-

447 2527 574 2597 bus
612 2523 1176 2620 deputabuntur:
1241 2525 1409 2595 illud
1480 2526 1749 2621 quidem
1829 2528 2245 2620 (electione)
2311 2550 2347 2596 e
2403 2526 2652 2618 codd„
2705 2527 2839 2599 hoc
2893 2527 3233 2623 (deputa-

450 2645 759 2734 buntur)
820 2642 905 2714 de
960 2643 1052 2739 cj.
1114 2640 1481 2716 Sententia
1535 2670 1669 2716 non
1724 2656 2045 2717 mutatur.

1584 2809 1764 2881 Trr.
1829 2811 2110 2882 XVIII.

1594 2921 1737 2984 QUI
1771 2923 2119 2984 PETANT.

665 3027 748 3103 C.
810 3034 880 3100 2.
938 3027 1183 3102 Vesm.
1241 3030 1334 3126 cj.
1394 3027 1477 3103 Si
1531 3042 1749 3104 mater
1792 3032 1860 3102 d.
1916 3032 1966 3102 1.
2021 3032 2073 3103 f.
2122 3035 2432 3126 pupillis
2478 3032 2594 3103 vel
2639 3031 3041 3104 minoribus
3099 3054 3232 3102 non

458 3149 873 3246 poposcerit
924 3149 1029 3219 vel
1075 3159 1263 3221 tutor
1315 3149 1761 3222 inventarium
1813 3176 2057 3223 rerum.
2113 3194 2213 3206 —-
2281 3149 2525 3222 Vesm.
2563 3151 2868 3244 ‚retinuit
2918 3173 3020 3220 vv.
3078 3153 3234 3223 Eoe-
3315 3225 3316 3228 ,

449 3271 814 3360 positione
847 3291 996 3338 non
1032 3276 1207 3359 eyet,
1252 3268 1378 3339 sed
1419 3269 1611 3340 uncis
1653 3295 1736 3342 ea
1788 3282 2106 3367 tanquam
2163 3269 2399 3367 spuria
2448 3270 2755 3342 inclusit.
2842 3266 3007 3339 Vid.
3066 3292 3236 3363 quae

460 3384 754 3457 diximus
811 3385 901 3456 ad
954 3385 1025 3457 h.
1081 3414 1140 3459 c.
1194 3390 1431 3460 not.**
1465 3390 1532 3458 *.

523 3629 634 3690 1>ss
669 3630 1454 3695 anmms'ru'nonn
1488 3521 2477 3695 margulgilffiwwnun
2513 3633 2620 3693 ΕΤ
2660 3615 3171 3692 Cur-Amnum.

660 3738 822 3812 Hoc
862 3740 1020 3811 loco
1055 3739 1381 3816 Vesmius
1424 3746 1710 3841 copiose
1743 3742 2026 3840 exponit
2060 3742 2145 3813 de
2177 3742 2419 3813 ordine
2473 3742 2830 3813 titulorum
2883 3740 3041 3810 libri
3097 3735 3237 3809 ΠΙ.

460 3867 530 3931 et
578 3860 679 3930 ita
735 3859 1044 3954 quidem:

594 4010 720 4063 Trr.
743 4007 932 4061 XXX.
962 4007 1267 4077 (XVIIII).
1294 4013 1312 4077 Ι
1343 4008 1480 4064 Cod.
1505 4007 1613 4060 Th.
1649 4007 1750 4060 Tit.
1776 4011 1969 4075 XXX,
1994 4026 2104 4078 quo
2128 4026 2360 4064 numero
2383 4015 2610 4063 notatur
2644 4010 2702 4062 in
2739 4010 2828 4063 ed.
2868 4007 2936 4061 14
2963 4006 3192 4072 (Haen.)
3221 4024 3236 4072 ς

460 4095 517 4148 in
553 4094 679 4148 edd.
719 4094 785 4147 10
820 4092 1058 4163 (Peyr.)‚
1098 4094 1163 4146 12
1204 4094 1437 4164 (Pugg.)
1474 4094 1619 4147 idem
1656 4111 1920 4148 numerus
1958 4094 2116 4147 uncis
2141 4094 2485 4162 includitur3
2526 4095 2613 4150 ed.
2645 4094 2710 4147 13
2735 4092 3025 4163 (Wenck.)
3067 4091 3244 4146 habet

466 4177 572 4233 Tit.
611 4179 774 4230 XIX.
830 4179 977 4245 [olim
1013 4179 1261 4246 XXX].,·
1318 4179 1375 4231 in
1430 4179 1662 4249 reliquis
1711 4179 1867 4246 edd„
1913 4185 1976 4232 ut
2017 4180 2075 4232 in
2122 4179 2216 4234 Br.
2267 4180 2363 4233 hio
2405 4185 2492 4233 est
2557 4177 2662 4231 Tit.
2704 4181 2768 4230 X
2773 4178 2961 4233 VIIII.
3014 4174 3245 4231 Scilicet

460 4264 518 4318 in
553 4280 597 4317 c.
636 4271 688 4316 3.
727 4264 774 4315 h.
817 4272 853 4315 t.
891 4263 1094 4333 incipit
1125 4263 1220 4318 fol.
1258 4263 1388 4316 VII.
1429 4265 1637 4317 codicis
1672 4283 1726 4330 α,
1771 4265 1919 4333 quod
1956 4271 2014 4317 et
2049 4264 2219 4332 hujus
2254 4265 2408 4318 tituli
2447 4270 2753 4319 extremam
2789 4269 3026 4334 partem,
3065 4267 3122 4317 et
3159 4278 3239 4315 se·

459 4354 696 4418 quentes
742 4347 882 4401 duos
931 4348 1127 4402 titulos
1172 4348 1427 4415 exhibet,
1475 4349 1572 4418 qui
1617 4350 1880 4417 postremi
1930 4356 2062 4402 sunt
2106 4348 2276 4418 hujus
2324 4349 2506 4413 Libri,
2557 4355 2615 4405 et
2649 4366 2684 4403 a
2723 4347 3011 4404 Breviario
3046 4346 3240 4412 alieni,

458 4434 777 4503 quibusque
814 4433 872 4486 in
909 4434 1165 4503 margine
1200 4434 1467 4502 adscripti
1505 4440 1636 4486 sunt
1674 4435 1890 4489 numeri
1926 4435 2139 4486 XXXI
2169 4441 2227 4488 et
2264 4435 2511 4487 XXXII
2517 4474 2531 4500 ‚
2569 4440 2633 4488 ut
2675 4433 2825 4488 hune
2862 4433 2955 4503 qui
2995 4432 3243 4502 proxime

458 4518 733 4588 praeoedit
765 4517 939 4571 fuisse
971 4518 1075 4570 Tit.
1102 4519 1280 4570 XXX
1299 4518 1612 4572 necessario
1635 4525 1906 4587 oporteat.
1946 4520 2088 4573 Inde
2112 4525 2352 4588 apparet
2387 4525 2522 4573 ante
2560 4518 2710 4572 hunc
2747 4518 3008 4572 undecim
3046 4517 3240 4570 titulos

459 4620 494 4657 a
530 4602 888 4674 wisigotthis
922 4602 1178 4668 omisso„
1226 4603 1456 4671 quinam
1494 4608 1683 4657 autem
1721 4603 1761 4656 ii
1800 4605 1937 4670 sint,
1987 4611 2105 4657 tum
2140 4603 2420 4658 Breviarii
2457 4609 2576 4657 tum
2614 4600 2839 4658 Codicis
2875 4601 3238 4656 Justinianaei

459 4687 669 4742 auxilio
710 4703 822 4741 non
857 4686 1218 4756 improbabili
1266 4688 1591 4757 conjectura
1627 4687 1847 4742 definiri
1885 4696 2084 4758 potest.
2173 4689 2256 4744 Ut
2289 4688 2463 4759 igitur
2501 4690 2574 4744 ab
2611 4688 2905 4742 Hammo
2941 4686 3000 4739 in
3037 4684 3242 4738 Codice

462 4771 810 4844 Gregoriano
853 4772 1005 4825 tituli
1045 4770 1198 4825 Libri
1247 4772 1271 4824 1
1314 4778 1371 4825 et
1421 4773 1507 4826 111
1548 4771 1968 4842 elegantissime
2002 4775 2059 4827 in
2094 4774 2394 4844 pristinum
2428 4773 2682 4828 ordinem
2718 4772 2996 4838 restituti,
3047 4778 3104 4825 et
3138 4770 3242 4823 sin'·

462 4856 617 4927 gulis,
641 4858 870 4927 genuini
909 4857 1146 4918 numeri,
1187 4856 1553 4911 dubitationis
1590 4864 1774 4911 tamen
1814 4858 2041 4926 adjecta
2076 4869 2226 4925 nota,
2264 4860 2553 4929 praepositi
2591 4866 2746 4912 sunt:
2781 4859 2864 4911 ita
2901 4856 3060 4912 nobis
3095 4858 3240 4910 iden:
