4537 6157
2611 755 2700 821 14

1193 956 1199 965 ’
1268 959 1544 1057 quendi,
1602 969 1676 1029 nt
1723 954 1903 1030 God.
1939 953 2122 1027 Just.
2155 996 2257 1007 --
2305 953 2384 1027 G.
2445 960 2506 1027 7.
2554 952 2983 1025 Naturalium
3041 956 3134 1023 iis
3189 971 3437 1021 nomen
3492 944 3834 1017 sancimus
3890 941 4026 1011 im-

1266 1080 1473 1177 poni,
1530 1102 1729 1174 quos,
1787 1099 1982 1171 quum
2034 1074 2280 1145 literae
2323 1096 2483 1146 mus
2538 1099 2593 1146 v,
2647 1078 3080 1163 imponimus
3136 1077 3518 1166 expunctae
3567 1063 3706 1135 sint
3753 1063 3824 1132 in
3872 1060 4024 1135 cod.

1271 1198 1491 1270 Tanr.
1590 1193 1984 1267 Transtulit
2025 1194 2230 1288 igitur
2267 1191 2505 1265 Vesm.
2537 1217 2596 1264 v.
2631 1201 2725 1265 iis
2777 1191 2860 1262 de
2909 1191 2996 1287 cj.
3047 1191 3115 1259 in
3171 1190 3465 1285 priorem
3517 1186 3772 1256 locum.
3837 1176 4027 1252 Sen—

1270 1319 1488 1390 tentia
1541 1314 1776 1386 eadem
1826 1322 1959 1384 est.
1989 1355 2089 1365 —
2117 1313 2273 1408 jure
2328 1318 2678 1408 generari,
2713 1311 2797 1381 de
2829 1310 2921 1406 ej.
2973 1309 3177 1402 Peyr.
3215 1318 3285 1380 et
3316 1306 3469 1378 rell.
3501 1311 3900 1400 generatos.
3926 1342 4030 1354 —-

1268 1435 1507 1508 Vesm.
1561 1435 1631 1504 h.
1688 1458 1752 1504 c.
1796 1456 1883 1504 ex
1931 1430 2027 1502 L.
2056 1430 2142 1501 R.
2197 1431 2284 1502 B.
2341 1432 2448 1503 tit.
2511 1429 2919 1502 XXXVII.
2979 1430 3357 1526 supplevit,
3428 1425 3659 1496 multis
3715 1448 3818 1493 w.
3877 1447 4029 1494 mu-

1271 1556 1434 1627 tatis
1518 1566 1634 1625 aut
1684 1550 2095 1624 aemendatis
2174 1560 2245 1623 et
2312 1553 2383 1623 in
2453 1551 2635 1621 hunc
2702 1551 2971 1645 quidem
3040 1549 3346 1621 modum:
3411 1546 3873 1637 corporibus,
3962 1553 4030 1618 si

1269 1697 1418 1745 non
1475 1677 2090 1746 manumittuntur
2154 1695 2200 1743 a
2265 1675 2584 1757 domina,
2655 1668 3186 1761 computantur.
3251 1674 3322 1759 §.
3381 1675 3444 1739 l.
3524 1669 3728 1754 Quod
3785 1670 3852 1738 si
3900 1676 4031 1738 aut

1275 1796 1361 1864 de
1423 1797 1743 1886 inqenua
1799 1793 2083 1879 fuerint
2153 1793 2571 1876 naturales,
2650 1799 2777 1862 aut
2835 1793 2920 1861 de
2967 1790 3275 1875 liberta,
3336 1796 3462 1859 aut
3520 1795 3714 1858 certe
3768 1787 4033 1873 liberti,

1270 1916 1474 1986 ultra
1541 1916 1984 1985 semunciam
2056 1915 2282 1982 matri
2334 1933 2491 1982 cum
2541 1912 3011 1983 naturalibus
3064 1912 3240 2003 filiis
3297 1911 3463 1980 dari
3514 1908 3830 1999 amplius
3887 1930 4033 1978 non

1273 2032 1553 2118 licebit3
1624 2032 1759 2102 hac
1832 2034 2185 2115 ratione,·
2231 2038 2315 2100 ut
2369 2033 2664 2101 donatio
2719 2033 3073 2122 nuptialis
3129 2034 3205 2101 in
3258 2029 3689 2098 hereditatis
3748 2050 4033 2119 suppu-

1276 2156 1627 2223 tationem
1654 2172 1802 2220 non
1835 2152 2123 2234 veniat,
2178 2152 2309 2220 sed
2339 2152 2426 2219 de
2476 2171 2557 2219 eo
2612 2152 2802 2240 quod
2845 2173 3076 2242 supra
3124 2151 3586 2220 donationem
3628 2149 4032 2239 nuptialem

1274 2272 1538 2358 fuerit,
1591 2271 1759 2339 inde
1797 2271 2168 2339 semuncia
2210 2271 2560 2360 deputata
2595 2269 3063 2341 naturalibus
3109 2273 3288 2360 jure
3333 2268 3718 2339 debebitur.
3834 2267 4044 2351 Quod

1278 2394 1347 2462 si
1414 2389 1692 2480 aliquid
1739 2388 1942 2458 ultra
1997 2396 2125 2458 aut
2178 2410 2319 2478 per
2384 2390 2879 2475 donationem,
2941 2395 3067 2458 aut
3116 2412 3255 2480 per
3307 2395 3850 2471 testamentum,
3911 2392 4038 2455 aut

1271 2532 1414 2600 per
1485 2510 1945 2597 suppositam
2016 2529 2528 2600 quamcumque
2587 2530 2991 2599 personam
3058 2509 3211 2581 illis
3280 2509 3511 2595 fuerit
3585 2508 4033 2592 derelictum,

1280 2626 1369 2698 ab
1407 2616 2032 2716 herede'leyitimo
2088 2625 2365 2716 leyibus
2419 2635 2827 2698 revocetur.
2912 2624 3311 2699 Consultius
3367 2625 3565 2697 nobis
3623 2625 3834 2696 visum
3880 2632 4021 2721 sest,

1274 2744 1347 2814 in
1409 2744 1596 2814 notis
1649 2750 1906 2815 tantum
1962 2740 2185 2838 Legis
2237 2743 2446 2815 Rom.
2502 2743 2716 2840 Burg.
2775 2745 3185 2817 mentionem
3233 2745 3491 2817 facere.
3555 2788 3648 2797 ——
3726 2747 3889 2815 Dat.
3933 2749 4046 2819 111

1278 2864 1417 2934 kal.
1477 2862 1728 2953 april„
1803 2863 2231 2950 Ravennae,
2314 2866 2711 2936 Theodosio
2790 2867 2934 2936 ΧΠ
3003 2873 3069 2936 et
3155 2865 3669 2937 Valentiniano
3741 2868 3818 2937 ΙΙ
3887 2867 4040 2940 ΑΑ.

1281 3002 1522 3053 conss.
1582 2982 1834 3073 (426.)
1923 2980 2035 3051 Ad
2074 2980 2615 3054 eundemannum
2677 2982 2743 3053 h.
2802 3007 2865 3053 c.
2923 3008 2964 3054 a
3014 2985 3213 3056 nobis
3266 2982 3485 3055 relata
3543 3001 3648 3055 est
3700 2985 3768 3054 in
3815 2983 4047 3057 Chro—

1278 3099 1562 3196 nologia
1614 3101 2209 3172 constitutionum.
3929 3096 3948 3117 ⁰

2468 3235 2649 3307 Trr.
2705 3233 2875 3306 Vll.
2915 3245 2924 3252 '

1932 3364 2039 3424 DE
2076 3363 2842 3425 uawulssmmnus
2878 3364 2970 3425 m
3005 3366 3409 3429 EchEsu.

1488 3453 1802 3527 Titulum
1843 3451 2011 3526 Vll.
2082 3482 2217 3528 non
2271 3458 2612 3552 integrum
2668 3457 2756 3527 ad
2807 3470 3110 3530 nostram
3168 3458 3558 3530 memoriam
3612 3459 4035 3556 pervenisse,

1284 3573 1579 3647 diximus
1643 3575 1716 3644 iu
1787 3582 1933 3645 not.
2002 3600 2229 3673 snper.
2288 3575 2359 3646 h.
2432 3576 2538 3647 tit.
2608 3575 2850 3649 Vesm.
2907 3601 2990 3649 ex
3044 3575 3141 3651 L.
3194 3577 3288 3649 R.
3340 3578 3430 3649 Β.
3485 3580 3595 3651 tit.
3649 3577 3784 3653 ΠΙ.
3842 3584 3916 3672 §.
3980 3588 4044 3653 l.

1284 3691 1683 3792 deperditae
1739 3693 2254 3767 constitutionis
2313 3693 2659 3769 Summam
2712 3696 2977 3768 addidit
3031 3697 3229 3793 eique
3295 3697 3412 3792 ⁷(c.
3479 3699 3575 3794 l.)
3645 3699 4047 3798 inscripsit:

1282 3812 1456 3905 Imp.
1507 3817 2033 3886 Constantinus
2096 3816 2181 3887 Α.
2232 3817 2332 3884 ad
2375 3815 2626 3887 Osium
2667 3820 3147 3908 Episcopum,
3209 3816 3293 3888 de
3349 3842 3481 3913 qua
3536 3842 3613 3889 re
3662 3817 4043 3917 disputavi-

1286 3955 1432 4002 mus
1498 3932 1571 4001 iu
1620 3934 1944 4004 Richteri
2014 3941 2084 4004 et
2137 3933 2555 4007 Schneideri
2607 3934 2792 4006 Anu.
2855 3935 2907 4005 l.
2965 3960 3028 4006 c.
3088 3960 3158 4031 p.
3220 3939 3393 4007 788.
3484 3981 3558 3989 -—
3640 3936 3724 4010 G.
3789 3944 3854 4009 l.
3908 3947 4048 4038 (ap.

1288 4046 1528 4120 Vesm.
1564 4071 1627 4120 c.
1677 4052 1762 4139 3)
1813 4053 1914 4122 Id.
1960 4053 2069 4136 A„
2125 4053 2284 4147 quia
2337 4078 2400 4125 c.
2469 4062 2530 4125 l.
2617 4058 2791 4147 Imp.
2852 4059 3408 4127 Constantinum
3450 4056 3822 4155 inscripsit.
3881 4055 4050 4130 Vid.

1290 4178 1435 4239 not.
1494 4167 1810 4239 anteced.
1865 4213 1966 4223 —
2013 4172 2445 4244 sollennibus
2503 4173 2849 4261 decursis,
2901 4184 3090 4246 recte
3137 4200 3260 4271 pro
3308 4176 3872 4249 solennitatibus.
3951 4218 4054 4233 -—

1293 4283 1622 4357 duntaxat
1648 4287 1783 4376 his,
1817 4287 1940 4359 sed
1987 4289 2338 4362 antecedit
2379 4293 2533 4362 hoc.
2569 4332 2664 4346 --
2695 4291 2768 4364 ΙΙ
2806 4297 3051 4366 Gaess.
3086 4316 3347 4384 conss„
3385 4293 3468 4365 de
3510 4295 3599 4391 cj.
3635 4296 4052 4395 —Interpr.

1293 4427 1357 4474 c.
1413 4410 1478 4473 l.
1538 4405 1879 4477 voluerint
1922 4407 2323 4506 libertates3
2375 4411 2631 4482 rectius
2681 4411 3096 4502 libertatem,
3154 4435 3554 4509 quamquam
3600 4418 3794 4490 multi
3844 4415 4049 4491 codd.

1291 4517 1546 4593 habent
1594 4523 1984 4597 libertates.
