4537 6157
1550 1707 1806 1786 unm
1853 1709 2224 1790 munus,

1738 1883 1916 1960 Trr.
1968 1882 2032 1956 Ῑ.

1114 2084 1119 2087 ,
1263 2007 1373 2068 nn
1412 2008 2035 2072 commun-nm
2071 2008 2517 2071 tummim

698 2150 783 2223 C.
849 2158 911 2222 l.
969 2149 1181 2221 facta.
1265 2148 1510 2222 Vesm.
1568 2152 1661 2248 cj.
1717 2152 1979 2240 sactae,
2032 2162 2310 2249 praeter
2362 2153 2849 2225 necessitatem
2906 2163 2976 2225 et
3038 2153 3286 2226 adver-

494 2270 802 2341 santibus
874 2267 1083 2340 codd.
1142 2311 1244 2322 ——-
1315 2269 1400 2342 C.
1459 2274 1531 2341 3.
1597 2269 1879 2343 Nevitta
1946 2274 2098 2347 VV.
2170 2274 2314 2378 CC.⁸
2364 2294 2599 2342 conss.
2673 2294 2758 2342 ex
2829 2271 2985 2343 cod.
3054 2278 3127 2343 9.
3182 2315 3286 2327 —-

496 2387 575 2460 C.
620 2394 695 2459 4.
750 2389 1022 2460 minimi⁴
1065 2388 1295 2478 sacta,
1341 2412 1425 2461 ex
1478 2390 1572 2485 cj.
1627 2389 1761 2460 Be.
1809 2399 1878 2461 et
1927 2389 2210 2486 Bijdr.,
2266 2390 2442 2460 bene
2498 2389 2807 2484 quidem,
2867 2390 2994 2462 sed
3048 2416 3285 2463 omnes

493 2504 699 2577 codd.
753 2507 1053 2578 minime.
1110 2549 1212 2559 —
1260 2506 1346 2580 C.
1394 2510 1465 2577 5.
1513 2531 1682 2579 neve
1728 2506 2203 2580 Christianum
2241 2505 2601 2596 Judaicis,
2656 2518 2730 2580 ut
2783 2506 3013 2598 sich„
3060 2520 3281 2581 recte.

493 2623 857 2714 Quomodo
928 2624 1109 2697 salsa
1155 2627 1498 2723 scriptura
1555 2637 1708 2698 orta
1765 2629 1903 2718 sit,
1960 2628 2575 2700 demonstravimus
2634 2626 2722 2697 ad
2774 2627 2842 2698 h.
2892 2629 2945 2699 l.
3007 2637 3154 2700 not.
3215 2652 3280 2699 e.

493 2785 594 2795 —
652 2742 737 2816 G.
792 2750 856 2815 7.
914 2743 1133 2816 Iidem
1186 2748 1362 2833 ΑΛ,
1416 2747 1573 2841 quia
1624 2744 1915 2819 Vesmio
1974 2770 2245 2842 quoque
2291 2747 2662 2818 verisimile
2719 2748 3023 2838 videtur,
3081 2770 3280 2818 unam

499 2862 744 2934 saltem
798 2865 1254 2937 constitution
1269 2888 1371 2936 em
1420 2866 1603 2937 inter
1629 2864 1807 2935 hanc
1840 2874 1911 2936 et
1940 2864 2370 2962 superiorem
2409 2888 2449 2935 a
2480 2865 3274 2961 Wisigotthisomissam

496 2995 651 3052 esse
706 2982 1267 3081 tribuendamqne
1318 3008 1382 3055 c.
1441 2987 1513 3055 7.
1547 2983 1854 3055 Arcadio
1914 2993 1983 3055 et
2032 2982 2350 3054 Honorio
2404 2984 2616 3082 impp.
2671 2983 2841 3056 Vid.
2891 3010 3065 3082 qnae
3099 2985 3285 3057 dixi-

496 3123 643 3170 mus
699 3100 784 3172 ad
838 3101 908 3172 h.
964 3103 1016 3173 l.
1073 3114 1220 3175 not.
1270 3128 1340 3197 q.
1400 3147 1496 3157 —
1550 3103 1857 3175 Arcadio
1911 3100 2066 3174 1111
2127 3110 2199 3174 et
2252 3101 2572 3173 Honorio
2641 3103 2748 3174 111
2802 3107 2962 3178 ΛΑ.
3019 3130 3283 3197 conss„

492 3242 619 3313 pro
655 3220 963 3294 Arcadio
1015 3225 1102 3295 A.
1138 3220 1271 3294 IV.
1326 3232 1395 3294 et
1421 3223 1741 3295 Honorio
1795 3225 1881 3296 Α.
1935 3219 2068 3292 ΠΙ.
2126 3244 2360 3293 conss.
2401 3218 2516 3294 cf.
2566 3218 2783 3319 Spec.
2840 3221 2902 3295 l.
2959 3248 3120 3321 pag.
3165 3229 3281 3296 14.

496 3337 579 3407 ad
637 3362 698 3411 c.
749 3343 821 3412 5.
857 3339 942 3413 C.
991 3340 1135 3413 Th.
1195 3340 1280 3413 de
1324 3338 1472 3413 Off.
1521 3366 1719 3438 proc.
1785 3348 1851 3431 1,
1892 3345 2006 3413 12.
2043 3383 2145 3394 ——-
2179 3338 2360 3411 Post
2413 3341 2979 3413 constitutionem
3026 3346 3100 3412 9.
3157 3340 3284 3414 de-

492 3458 805 3554 perditae
874 3461 1395 3532 constitutionis
1469 3483 1793 3533 summam
1863 3458 2191 3531 Vesmins
2254 3460 2564 3531 restitnit
2616 3485 2654 3532 e
2707 3458 3070 3532 Valentin.
3125 3458 3283 3531 No·
3347 3537 3361 3552 .

494 3578 655 3649 vell.
701 3578 869 3659 frit.
920 3578 1217 3651 XXXI.
1274 3580 1359 3651 de
1412 3578 1920 3653 confirmandis
1974 3577 2080 3651 his
2138 3602 2311 3674 qnae
2368 3578 2753 3651 administr.
2872 3579 3026 3654 Jam
3083 3587 3288 3649 antea

493 3697 633 3792 ipsi
701 3687 1141 3797 exposuimus
1215 3699 1299 3770 ad
1368 3699 1453 3772 C.
1520 3698 1662 3769 Th.
1733 3700 1843 3770 tit.
1916 3698 2001 3769 de
2067 3697 2230 3787 His,
2303 3685 2478 3793 quae
2551 3698 2937 3770 administr.
2996 3702 3081 3787 8,
3165 3700 3284 3788 15,

497 3838 562 3886 c.
621 3819 693 3887 8.
748 3825 896 3889 not.
949 3840 1026 3904 ω,
1088 3817 1387 3889 Honorii
1454 3818 1642 3888 illam
1714 3819 1982 3914 legem,
2043 3841 2216 3913 quae
2287 3817 2361 3887 in
2427 3814 2724 3888 Novella
2794 3815 3287 3889 Valentiniana

498 3935 618 4006 cit.
690 3946 1297 4028 commemoratur,
1365 3937 1720 4008 exstitisse
1786 3938 1856 4008 in
1927 3938 2035 4009 tit.
2108 3935 2394 4010 Codicis
2467 3934 2749 4010 Theod.
2813 3936 2898 4009 de
2955 3934 3284 4010 Contrah.

499 4063 707 4152 empt.
758 4059 831 4146 3,
894 4064 960 4126 l.
1046 4053 1243 4129 Satis
1298 4056 1844 4129 erat‘indicz‘nsse
1901 4055 2326 4156 deperditam
2384 4057 2974 4129 constitutionem.

1020 4330 1129 4392 ΒΕ
1164 4330 1569 4392 Parmos
1611 4216 2752 4396 uglgizfflmlsrnaxnnmr.

712 4440 995 4514 Titulus
1048 4440 1180 4512 111.
1240 4451 1349 4513 est
1375 4438 1536 4511 VH.
1595 4440 1776 4537 apud
1809 4438 2173 4549 Vesmium⁵
2223 4452 2296 4520 et
2347 4440 2641 4538 proinde
2699 4447 2994 4512 mutatus
3045 4463 3287 4512 nume-

498 4585 615 4633 rus
681 4584 876 4656 seqq.
934 4560 1073 4631 titt.
1127 4556 1299 4631 Vid.
1359 4559 1465 4630 tit.
1524 4559 1787 4631 XXX.
1834 4560 1900 4632 h.
1955 4553 2157 4631 libris
2202 4553 2304 4614 -Ᾰ-
2379 4560 2465 4633 C.
2530 4569 2593 4630 l.
2647 4560 2894 4631 victum
2961 4559 3281 4653 requirit,

501 4691 577 4751 ut
624 4679 968 4751 reseratur
1020 4679 1105 4749 ad
1150 4703 1253 4749 vv.
1317 4690 1742 4777 „parentum
1795 4681 2221 4751 miseranda
2267 4681 2663 4766 fortuna.“
2742 4676 3072 4772 Plerique
3126 4678 3283 4772 qui-

504 4797 656 4868 dem
729 4798 933 4869 codd.
992 4799 1325 4894 requirit,
1401 4797 1587 4894 quod
1652 4797 1923 4870 videtur
1977 4822 2062 4870 ex
2117 4796 2526 4895 compendio
2583 4798 2964 4893 scripturae
3015 4797 3281 4892 requift

2795 4913 2864 4963 με
