4537 6157
2134 773 2638 838 Ἣ-----Ι2

1200 968 1389 1040 ditae
1446 971 1972 1040 constitutionis
2027 968 2375 1041 Summam
2449 974 2717 1066 recepit
2780 976 2859 1044 Si
2919 976 3208 1043 condito
3263 1015 3363 1025 —
3417 976 3702 1046 valebit.
3809 975 3974 1047 Vid.

1199 1111 1373 1183 quae
1443 1087 1739 1158 diximus
1803 1087 1872 1156 in
1934 1089 2263 1159 Richteri
2337 1097 2406 1160 et
2480 1090 2901 1162 Schneider-i
2978 1091 3230 1161 Annal.
3297 1093 3346 1161 l.
3412 1117 3473 1163 c.
3528 1118 3595 1188 p.
3656 1097 3827 1165 788.
3879 1137 3978 1148 —

1202 1206 1285 1279 C.
1369 1214 1435 1277 l.
1506 1205 1682 1301 Imp.
1756 1206 2254 1277 Constantinus
2324 1208 2416 1279 A.
2489 1211 2921 1280 Constantio
2991 1212 3272 1300 PPO.,
3347 1212 3431 1282 de
3502 1212 3592 1306 cj.
3665 1210 3808 1284 Go.
3876 1255 3979 1267 --

1198 1325 1284 1396 C.
1325 1330 1396 1397 2.
1438 1328 1910 1420 quaestionum
1952 1329 2186 1397 series
2218 1327 2637 1422 approbarit.
2728 1326 2951 1398 Nobis
3008 1354 3276 1425 quoque
3334 1330 3590 1426 placuit
3645 1356 3704 1401 v.
3740 1338 3975 1406 series

1193 1448 1265 1515 in
1297 1455 1444 1516 not.
1482 1470 1520 1516 e
1549 1446 1631 1515 ad
1673 1444 1740 1514 li.
1785 1469 1846 1514 c.
1879 1489 1982 1498 —
2014 1449 2189 1517 Dat.
2238 1447 2329 1516 X.
2371 1448 2510 1516 Ital.
2541 1446 2726 1531 febr.
2765 1448 3189 1534 Mediolani,
3245 1450 3402 1543 quia
3460 1448 3573 1519 hic
3622 1451 3969 1521 verborum

1196 1565 1368 1635 ordo
1437 1566 1730 1636 usitatus
1803 1574 1910 1635 est
1961 1565 2033 1634 in
2087 1565 2733 1660 subscriptionibus.
2808 1610 2910 1619 —-
2984 1564 3067 1638 C.
3127 1572 3198 1638 3.
3259 1577 3321 1654 §.
3390 1576 3453 1638 l.
3515 1569 3635 1640 sed
3691 1568 3801 1641 his
3859 1571 3967 1665 qui

1199 1693 1598 1774 extremum,
1645 1687 1841 1755 bene.
1891 1729 1977 1738 —
2039 1694 2101 1770 §.
2152 1688 2222 1753 2.
2267 1685 2374 1754 his
2424 1685 2534 1778 qui
2596 1694 2961 1755 extremas.
3013 1729 3111 1737 —
3171 1685 3254 1758 C.
3304 1692 3376 1757 4.
3433 1690 3500 1758 in
3565 1688 3802 1759 eodem
3854 1714 3971 1759 re-

1197 1815 1537 1875 serentur.
1636 1806 1854 1876 Nihili
1910 1817 2042 1896 est,
2100 1804 2282 1899 quod
2326 1800 2567 1873 Vesm.
2629 1804 2894 1897 objicit,
2949 1806 3015 1873 in
3074 1808 3574 1901 repetitionem,
3631 1807 3717 1877 ad
3774 1834 3964 1904 quam

1194 1924 1532 1996 vitandam
1607 1926 1860 1997 editum
1919 1936 2027 1995 est
2079 1931 2595 2007 reserventur,
2671 1921 2798 1992 hac
2852 1925 3005 2019 ipsa
3071 1926 3412 2020 scriptura
3457 1951 3584 1998 nos
3639 1929 3966 2000 incidere.

1193 2043 1610 2116 Etiamnunc
1664 2042 2449 2137 contendimuS,‘aptius
2516 2066 2669 2113 esse
2731 2051 3214 2114 reserventur
3270 2069 3463 2138 quam
3516 2055 3964 2119 reserentur.

1190 2208 1293 2219 —
1365 2164 1448 2237 C.
1521 2169 1590 2235 5.
1661 2165 2173 2250 interdicimus,
2242 2170 2340 2233 ut.
2455 2159 2563 2231 Ex
2616 2164 2728 2247 iis,
2811 2186 2982 2256 quae
3045 2163 3127 2231 ad
3199 2162 3265 2231 h.
3339 2163 3389 2233 l.
3466 2162 3963 2256 adnotavimus,

1195 2295 1525 2385 apparet,
1580 2284 1778 2354 nobis
1840 2283 2115 2380 probari
2180 2290 2286 2353 ut.
2335 2323 2436 2334 —-
2483 2281 2767 2351 relictus
2827 2286 2993 2369 (om.
3049 2283 3299 2375 heres)
3356 2284 3497 2373 vel,
3557 2310 3684 2379 qua
3747 2288 3961 2357 omis-

1194 2408 1391 2478 sione
1448 2405 1853 2474 sententiam
1903 2426 2037 2473 non
2098 2401 2293 2471 valde
2368 2398 2611 2469 mutari
2679 2399 2971 2470 diximus
3041 2402 3106 2469 in
3181 2414 3323 2471 not.
3379 2404 3442 2471 h.
3497 2403 3693 2473 huius
3744 2429 3805 2475 c.
3863 2448 3964 2458 -—-

1188 2536 1427 2596 nostro
1485 2523 1590 2594 vel
1662 2524 1905 2610 etiam,
1973 2534 2043 2592 ut
2101 2519 2280 2591 Cod.
2331 2517 2517 2590 Just.
2629 2517 2861 2614 Supra
2916 2521 3091 2589 enim
3141 2530 3476 2591 nostrum
3528 2525 3642 2593 vel
3689 2534 3956 2617 poten-

1186 2650 1365 2715 tium
1423 2666 1715 2727 nome-n,
1784 2641 1966 2711 infra
2029 2643 2275 2710 nostri
2341 2641 2453 2709 vel
2518 2644 2918 2730 potentium
2963 2644 3313 2727 nominis,
3370 2652 3580 2712 reete.
3639 2685 3732 2693 -—
3789 2643 3955 2716 Dat.

1183 2766 1295 2834 ΙΙΙ
1360 2762 1456 2833 id.
1519 2787 1643 2857 pro
1710 2759 1840 2831 IV.
1903 2803 1996 2813 —
2073 2759 2155 2832 C.
2226 2762 2344 2848 7.,
2413 2759 2607 2853 cujus
2683 2770 2987 2828 extrema
3042 2759 3243 2829 verba
3297 2786 3383 2831 ex
3438 2763 3594 2832 cod.
3646 2763 3955 2833 Waller-

1193 2883 1524 2953 steinensi
1593 2881 2094 2977 supplevimus,
2161 2875 2490 2948 Vesmius
2545 2878 2643 2947 ita
2699 2879 3052 2965 tractavit,
3124 2889 3196 2949 ut
3249 2904 3331 2950 ea
3382 2881 3719 2952 Breviarii
3776 2909 3946 2955 con-

1188 3003 1614 3074 stitutionem
1654 2998 1858 3090 VH„
1914 3008 1983 3068 at
2039 3023 2195 3069 vero
2255 2996 2542 3069 Codicis
2594 2997 3076 3069 Theodosiani
3132 3000 3692 3072 constitutionem
3742 3001 3951 3074 VIII.

1051 3113 1057 3120 ⁵
1186 3133 1785 3219 repraesentaret3
1834 3120 1941 3190 bis
1994 3121 2203 3214 igitur
2250 3128 2321 3190 et
2375 3120 2746 3214 separatim
2796 3118 3062 3212 quidem
3116 3119 3337 3213 legem
3387 3120 3641 3212 edidit,
3689 3123 3771 3193 de
3829 3149 3956 3219 qua

1187 3268 1263 3313 re
1337 3241 1828 3338 disputavimus
1893 3240 1966 3309 in
2017 3238 2430 3311 Annalibus
2502 3240 2651 3309 citt.
2707 3238 2758 3307 l.
2817 3262 2878 3308 c.
2937 3262 3006 3333 p.
3059 3239 3205 3307 789
3262 3263 3366 3334 sq.
3474 3240 3587 3309 Ad
3650 3242 3957 3313 codicem

1185 3360 1884 3432 Wallersteinensem
1958 3357 2293 3429 accedere
2359 3357 2667 3429 codicem
2722 3357 3190 3427 Rosanbinum
3259 3367 3328 3427 et
3380 3357 3956 3455 Eporediensem,

1187 3482 1482 3552 diximus
1530 3480 1600 3550 in
1653 3478 1897 3550 iisdem
1932 3479 2342 3552 Annalibus
2383 3478 2600 3567 1843,
2653 3502 2723 3573 p.
2781 3479 2919 3546 189
2972 3485 3040 3545 et
3091 3478 3310 3564 1844,
3358 3501 3428 3571 p.
3489 3480 3821 3550 1053.—-
3853 3482 3955 3552 sui

1188 3599 1708 3698 plenitudinem.
1809 3598 2217 3695 Legendum
2277 3624 2436 3671 esse
2494 3600 2591 3668 ad
2642 3619 2714 3688 p.
2769 3600 2887 3667 sui
2938 3596 3494 3686 plenitudinem,
3556 3597 3740 3692 quod
3790 3624 3958 3695 pro·

1190 3722 1546 3819 posuimus
1600 3720 1671 3790 in
1724 3721 2136 3793 Annalibus
2186 3720 2306 3791 cit.
2362 3745 2431 3816 p.
2496 3719 2661 3806 189,
2715 3715 3134 3812 perspicitur
3182 3739 3263 3784 ex
3321 3709 3479 3784 cod.
3525 3715 3956 3788 Rosanbino.

1190 3884 1289 3894 —-
1346 3841 1680 3911 videlicet
1744 3841 1857 3910 vel
1906 3842 2178 3911 divinis
2229 3845 2407 3932 post
2475 3840 2662 3908 hanc
2714 3840 3166 3907 sanctionem
3219 3836 3781 3928 liquescentibus
3822 3845 3956 3907 etc.

1194 3958 1609 4055 Corruptnm
1665 3959 1891 4029 locum
1953 3958 2019 4028 in
2083 3967 2228 4028 not.
2276 3959 2377 4028 ita
2425 3956 2965 4045 emendavimus,
3022 3965 3096 4026 ut
3151 3955 3286 4026 del.
3342 3963 3423 4025 ut
3468 3966 3538 4027 et
3589 3954 3838 4050 copula
3892 3964 3959 4025 et

1190 4079 1411 4174 accip.
1444 4101 1568 4174 pro
1618 4082 1860 4147 etiam.
1908 4074 2236 4148 Vesmius
2288 4100 2426 4147 non
2483 4074 2705 4146 solum
2739 4099 2799 4143 v.
2835 4083 2903 4144 et
2937 4073 3072 4144 del.
3111 4084 3178 4144 et
3209 4075 3324 4145 vel
3380 4073 3660 4169 scripsit
3690 4097 3816 4169 pro
3860 4080 3959 4160 ut,

1189 4196 1312 4268 sed
1371 4197 1572 4267 etiam
1631 4195 1936 4266 ordinem
1992 4221 2094 4267 vv.
2150 4195 2468 4283 mutavit,
2527 4192 2707 4288 quod
2763 4191 3090 4264 audacius
3152 4192 3312 4264 mihi
3376 4194 3642 4288 quidem
3704 4193 3955 4264 sactum

1188 4316 1481 4386 videtur.
1575 4314 1961 4386 Delendum
2012 4339 2166 4387 esse
2212 4321 2318 4400 ut,
2377 4312 2583 4383 docet
2638 4311 2795 4383 cod.
2835 4312 3302 4383 Rosanbinus.
3388 4311 3571 4407 Leg.
3630 4314 3953 4390 videlicet

1180 4442 1355 4527 post
1423 4437 1609 4505 havtc
1681 4440 2130 4506 sanctionem
2206 4435 2482 4507 divinis
2552 4434 2705 4503 illis
2787 4433 3322 4523 quiescentibus
3395 4433 3754 4522 apicibus,
3838 4438 3959 4526 qui

1189 4559 1407 4626 trium
1446 4558 1749 4626 testium
1803 4578 2104 4626 numero
2158 4562 2333 4626 sunt
2394 4555 2735 4623 contenti.
2817 4550 2984 4621 Vid.
3033 4552 3360 4623 Richteri
3415 4561 3484 4622 et
3544 4554 3960 4625 Schneidere'

1180 4677 1373 4748 Ann.
1426 4674 1478 4744 l.
1536 4700 1599 4747 c.
1658 4701 1726 4771 p.
1798 4678 1959 4746 189.
2016 4716 2118 4727 ——-
2160 4673 2328 4744 Dat.
2398 4674 2499 4746 VI
2540 4669 2684 4740 kal.
